%!TEX root = Main.tex

@article{OstShynAee11,
       author = "O. Yu. Ostapov And H. A. Shynkarenko",
       title = "A posteriori error estimator for diffusion-advection-reaction boundary problems: piecewise linear approximation on  triangles",
       year = "2011",
       journal = "Журнал обчислювальної та прикладної математики",
       number = "2 (105)",
       pages = "111-123",
       language="ukrainian"
    }

@article{VovkShy09,
       author = "H. A. Shynkarenko and O. V. Vovk",
       title = "A posteriori error estimations for finite element approximations on quadrilateral meshes",
       year = "2009"
    }

